<?xml version="1.0" encoding="UTF-8"?><collection xmlns="http://www.loc.gov/MARC21/slim"><record><leader>00316nam--2200121-i-4500</leader><controlfield tag="001">000027380</controlfield><controlfield tag="002">20161230</controlfield><controlfield tag="005">20161230201036</controlfield><controlfield tag="008">060222s1000------------r-----000-0-eng-d</controlfield><datafield ind1=" " ind2=" " tag="080"><subfield code="a">621.391:002</subfield></datafield><datafield ind1=" " ind2=" " tag="245"><subfield code="a">Introduction to information science</subfield></datafield><datafield ind1=" " ind2=" " tag="260"><subfield code="a">New York, R.R. Bowker Company, 1970, Xxiv + 751p</subfield></datafield><datafield ind1=" " ind2=" " tag="852"><subfield code="a">36363</subfield></datafield></record></collection>